<record><leader>00000cas a22000007a 4500</leader><controlfield tag="001">18188742</controlfield><controlfield tag="008">880708d19531953nduwr ne      0    0eng d</controlfield><datafield ind1=" " ind2=" " tag="010"><subfield code="a">sn 88076490 </subfield></datafield><datafield ind1=" " ind2=" " tag="040"><subfield code="a">NOP</subfield><subfield code="b">eng</subfield><subfield code="c">NOP</subfield><subfield code="d">OCLCQ</subfield></datafield><datafield ind1=" " ind2=" " tag="042"><subfield code="a">msc</subfield></datafield><datafield ind1="0" ind2="0" tag="245"><subfield code="a">Williston farmers press.</subfield></datafield><datafield ind1=" " ind2=" " tag="260"><subfield code="a">Williston, N.D. :</subfield><subfield code="b">H.M. Zahl</subfield></datafield><datafield ind1=" " ind2=" " tag="300"><subfield code="a">1 v. :</subfield><subfield code="b">ill. ;</subfield><subfield code="c">61 cm.</subfield></datafield><datafield ind1=" " ind2=" " tag="310"><subfield code="a">Weekly</subfield></datafield><datafield ind1="0" ind2=" " tag="362"><subfield code="a">Vol. 58, no. 47 (May 28, 1953)-v. 59, no. 8 (Aug. 27, 1953).</subfield></datafield><datafield ind1=" " ind2=" " tag="500"><subfield code="a">"Official newspaper of Williams County and Williston" (1953).</subfield></datafield><datafield ind1=" " ind2=" " tag="530"><subfield code="a">Available on microfilm from the State Historical Society of North Dakota.</subfield></datafield><datafield ind1=" " ind2=" " tag="752"><subfield code="a">United States</subfield><subfield code="b">North Dakota</subfield><subfield code="c">Williams</subfield><subfield code="d">Williston.</subfield></datafield><datafield ind1="0" ind2="0" tag="780"><subfield code="t">Williams County farmers press</subfield><subfield code="w">(DLC)sn 88076271</subfield></datafield><datafield ind1="0" ind2="4" tag="785"><subfield code="t">Williston herald (Williston, N.D. : Daily : 1953)</subfield><subfield code="w">(DLC)sn 88076274</subfield></datafield></record>